@misc{Forrester1989,author = {Forrester, Jay W},file = {:C$\backslash$:/Users/jtsalmi/AppData/Local/Mendeley Ltd./Mendeley Desktop/Downloaded/Forrester - 1989 - The Beginning of System Dynamics.pdf:pdf},mendeley-groups = {Kandi,Kandi/Sysdyn},pages = {1--16},title = {{The Beginning of System Dynamics}},url = {http://leml.asu.edu/jingle/Web\_Pages/EcoMod\_Website/Readings/SD+STELLA/Forrester-Begin'g-SD\_1989.pdf},year = {1989}}@book{Forrester1961,author = {Forrester, Jay W},mendeley-groups = {Kandi/Sysdyn},title = {{Industrial Dynamics}},year = {1961}}@misc{WhatIsSystemDynamics,mendeley-groups = {Kandi/Sysdyn},title = {{What is system dynamics?}},url = {http://www.systemdynamics.org/what\_is\_system\_dynamics.html},urldate = {2013-10-30}}@article{Forrester1968,author = {Forrester, Jay W},file = {:/home.org.aalto.fi/jtsalmi/data/Desktop/kandiviitteet/Forrester68.pdf:pdf},journal = {Management Science},mendeley-groups = {Kandi,Kandi/Sysdyn},number = {7},pages = {398--415},title = {{Industrial Dynamics â€” After the First Decade}},volume = {14},year = {1968}}@book{Sterman2000,author = {Sterman, John D.},isbn = {978-0-07-231135-8},mendeley-groups = {Kandi/Sysdyn},pages = {982},publisher = {Jeffrey J. Shelstad},title = {{Business Dynamics}},year = {2000}}